@article{cita1,
title={Data-driven decision making in credit risk management},
author={Wilson},
journal={Journal of Banking & Finance},
year={2012},
volume={1},
number={2},
pages={123-142}
}

